@article{geom_stable_laws,
author = {Kozubowski, Tomasz and Podgorski, Krzysztof},
year = {1999},
month = {12},
pages = {241-257},
title = {Geometric stable laws through series representations},
volume = {25},
journal = {Serdica Mathematical Journal}
}

@book{Durrett11probability,
    author = {Rick Durrett},
    title = {Probability: Theory and examples},
    year = {2011},
    Edition                  = {Fourth},
    url = {https://services.math.duke.edu/~rtd/PTE/PTE5_011119.pdf}
}

@book{Ross97,
  Title                    = {Introduction to Probability Models},
  Author                   = {Sheldon M. Ross},
  Publisher                = {Academic Press},
  Year                     = {1997},
  Edition                  = {Sixth}
}

@article{durrett1988,
    author = "Durrett, Richard and Liu, Xiu-Fang",
    doi = "10.1214/aop/1176991682",
    fjournal = "The Annals of Probability",
    journal = "Ann. Probab.",
    month = "07",
    number = "3",
    pages = "1158--1173",
    publisher = "The Institute of Mathematical Statistics",
    title = "The Contact Process on a Finite Set",
    url = "https://doi.org/10.1214/aop/1176991682",
    volume = "16",
    year = "1988"
}

@book{grinstead2003,
  author = {Grinstead, Charles M. and Snell, J. Laurie},
  biburl = {https://www.bibsonomy.org/bibtex/2efcf99a4d5384d76e5bfd96d2b2d0dd3/mobileink},
  howpublished = {GNU FDL PDF online},
  institution = {AMS},
  interhash = {82dbaf581ceba3c046ed2d037011c286},
  intrahash = {efcf99a4d5384d76e5bfd96d2b2d0dd3},
  keywords = {probability statistics},
  publisher = {AMS},
  title = {Introduction to Probability},
  url = {http://www.dartmouth.edu/~chance/teaching_aids/books_articles/probability_book/book.html},
  year = 2003
}

@misc{steif1991,
    title={Interacting Particle Systems},
    author={Steif, Jeff},
    year={1991},
    url = "http://www.math.chalmers.se/~steif/steif_notes_ips.pdf"
}

@misc{biu_ctmc_notes,
    title={Continuous Time Markov Chains},
    author={Amir, Gidi},
    year={2018},
    url = "http://u.math.biu.ac.il/~amirgi/CTMCnotes.pdf"
}

@misc{swart2017course,
    title={A Course in Interacting Particle Systems},
    author={Jan M. Swart},
    year={2017},
    eprint={1703.10007},
    archivePrefix={arXiv},
    primaryClass={math.PR}
}

@book{
    pishro,
    title = {Introduction to probability, statistics, and random processes},
    author = {Pishro-Nik, Hossein},
    year = {2014},
    url = {probabilitycourse.com},
    publisher={Kappa Research LLC}
}

@misc{
    randomservices,
    title = "randomservices.org",
    author = {Siegrist, Kyle},
    year = {2019},
    url = "https://www.randomservices.org/"
}

@book{ross1996stochastic,
  title={Stochastic processes},
  author={Ross, Sheldon M and Kelly, John J and Sullivan, Roger J and Perry, William James and Mercer, Donald and Davis, Ruth M and Washburn, Thomas Dell and Sager, Earl V and Boyce, Joseph B and Bristow, Vincent L},
  volume={2},
  year={1996},
  publisher={Wiley New York}
}


@article{Mountford2016,
   title={Exponential extinction time of the contact process on finite graphs},
   volume={126},
   ISSN={0304-4149},
   url={http://dx.doi.org/10.1016/j.spa.2016.01.001},
   DOI={10.1016/j.spa.2016.01.001},
   number={7},
   journal={Stochastic Processes and their Applications},
   publisher={Elsevier BV},
   author={Mountford, Thomas and Mourrat, Jean-Christophe and Valesin, Daniel and Yao, Qiang},
   year={2016},
   month={Jul},
   pages={1974â€“2013}
}


@article{arratia2005,
author = "Arratia, Richard and Liggett, Thomas M.",
doi = "10.1214/105051604000000693",
fjournal = "The Annals of Applied Probability",
journal = "Ann. Appl. Probab.",
month = "02",
number = "1B",
pages = "652--670",
publisher = "The Institute of Mathematical Statistics",
title = "How likely is an i.i.d. degree sequence to be graphical?",
url = "https://doi.org/10.1214/105051604000000693",
volume = "15",
year = "2005"
}